
@misc{Authors14a,
 author = {Jean Kossaifi, Linh Tran, Yannis Panagakis, and Maja Pantic},
 title = {GAGAN: Geometry-aware generative adversarial networks},
 note = {IEEE CVPR {\tt fg324.pdf}},
 year = 2018
}

@misc{Authors14b,
 author = {Lingxiao Song, Zhihe Lu, Ran He, Zhenan Sun, and Tieniu Tan},
 title = {Geometry guided adversarial facial expression synthesis},
 note = {arXiv preprint arXiv:1712.03474 {\tt fg324.pdf}},
 year = 2017
}
@misc{Authors14c,
 author = {Liqian Ma, Xu Jia, Qianru Sun, Bernt Schiele, Tinne Tuytelaars, and Luc Van Gool. Pose guided person image generation},
 title = {Pose guided person image generation},
 note = { In Advances in Neural Information Processing Systems, pages 405–415{\tt tr.pdf}},
 year = 2017
}

@misc{Authors15a,
 author = {Y. Li, M. R. Min, D. Shen, D. Carlson, and L. Carin},
 title = { Video Generation From Text},
 note = {arXiv preprint arXiv:1710.00421
 {\tt fg324.pdf}},
 year = 2017
}

@misc{Authors15b,
 author = {C. Vondrick, H. Pirsiavash, and A. Torralba},
 title = { Generating videos with scene dynamics},
 note = {NIPS, pages 613–621
 {\tt fg324.pdf}},
 year = 2016
}

@misc{Authors16a,
 author = {J. Martinez, M. J. Black, and J. Romero},
 title = { On human motion prediction using recurrent neural networks},
 note = {CoRR,abs/1705.02445
 {\tt fg324.pdf}},
 year = 2017
}

@misc{Authors16b,
 author = {S. Bengio, O. Vinyals, N. Jaitly, and N. Shazeer},
 title = { Scheduled Sampling for Sequence Prediction with Recurrent Neural Networks},
 note = {Neural Information Processing Systems
 {\tt fg324.pdf}},
 year = 2015
}


@misc{Authors16c,
 author = {Chao, Y.-W.; Yang, J.; Price, B.; Cohen, S.; and Deng, J},
 title = { .Forecasting human dynamics from static images},
 note = {IEEE CVPR. {\tt fg324.pdf}},
 year = 2017
}
